<record xmlns="http://www.loc.gov/MARC21/slim" xmlns:xsi="http://www.w3.org/2001/XMLSchema-instance" xsi:schemaLocation="http://www.loc.gov/MARC21/slim http://www.loc.gov/standards/marcxml/schema/MARC21slim.xsd"><leader>00627nz   2200157n  4500</leader><controlfield tag="001">oca02891029 </controlfield><controlfield tag="005">19910206093217.3</controlfield><controlfield tag="008">910124n| acannaab|          |a aaa     c</controlfield><datafield ind1=" " ind2=" " tag="010"><subfield code="a">no 91001652 </subfield></datafield><datafield ind1=" " ind2=" " tag="040"><subfield code="a">PPiU</subfield><subfield code="c">PPiU</subfield></datafield><datafield ind1="0" ind2=" " tag="100"><subfield code="a">Euphronius,</subfield><subfield code="d">fl. 520-470 B.C.</subfield></datafield><datafield ind1="0" ind2=" " tag="400"><subfield code="a">Euphronios,</subfield><subfield code="d">fl. 520-470 B.C.</subfield></datafield><datafield ind1=" " ind2=" " tag="670"><subfield code="a">Capolavori di Euphronios, 1990.</subfield></datafield><datafield ind1=" " ind2=" " tag="670"><subfield code="a">Oxf. dict. of art, 1988</subfield><subfield code="b">(Euphronios; Greek vase painter and potter; c. 520-c. 500 B.C.)</subfield></datafield><datafield ind1=" " ind2=" " tag="670"><subfield code="a">EB Micro., 1983, v.3</subfield><subfield code="b">(Euphronius; active c. 520-470 B.C.)</subfield></datafield><datafield ind1=" " ind2=" " tag="670"><subfield code="a">Oxf. class. dict., 1970</subfield><subfield code="b">(Euphronius; late 6th-early 5th cent. BC; potter and vase painter in Athens)</subfield></datafield></record>